<record><leader>00000cas a22000007a 4500</leader><controlfield tag="001">16637952</controlfield><controlfield tag="008">870903d19361943ohuwr ne      0    0eng d</controlfield><datafield ind1=" " ind2=" " tag="010"><subfield code="a">sn 87075009 </subfield></datafield><datafield ind1=" " ind2=" " tag="040"><subfield code="a">ONP</subfield><subfield code="b">eng</subfield><subfield code="c">ONP</subfield><subfield code="d">OCLCQ</subfield></datafield><datafield ind1=" " ind2=" " tag="042"><subfield code="a">msc</subfield></datafield><datafield ind1="0" ind2=" " tag="130"><subfield code="a">McConnelsville herald (McConnelsville, Ohio : 1936)</subfield></datafield><datafield ind1="1" ind2="4" tag="245"><subfield code="a">The McConnelsville herald.</subfield></datafield><datafield ind1=" " ind2=" " tag="260"><subfield code="a">McConnelsville, Ohio :</subfield><subfield code="b">W.D. Matson,</subfield><subfield code="c">1936-1943.</subfield></datafield><datafield ind1=" " ind2=" " tag="310"><subfield code="a">Weekly</subfield></datafield><datafield ind1="0" ind2=" " tag="362"><subfield code="a">Vol. 93, no. 1 (Feb. 20, 1936)-v. 99, no. 51 (Jan. 28, 1943).</subfield></datafield><datafield ind1=" " ind2=" " tag="752"><subfield code="a">United States</subfield><subfield code="b">Ohio</subfield><subfield code="c">Morgan</subfield><subfield code="d">McConnelsville.</subfield></datafield><datafield ind1="0" ind2="0" tag="780"><subfield code="t">Weekly herald (McConnelsville, Ohio)</subfield><subfield code="w">(DLC)sn 87075013</subfield></datafield><datafield ind1="0" ind2="7" tag="785"><subfield code="t">Morgan County Democrat</subfield><subfield code="w">(DLC)sn 87075008</subfield></datafield><datafield ind1="0" ind2="7" tag="785"><subfield code="t">Morgan County herald (McConnelsville, Ohio : 1943)</subfield><subfield code="w">(DLC)sn 87075010</subfield></datafield></record>